@techreport{national-institute-of-standards-and-technology-2024,
	author = {National Institute of Standards and Technology},
	month = {8},
	number = {NIST.FIPS.205},
	title = {{Stateless Hash-Based Digital Signature Standard}},
	year = {2024},
	doi = {10.6028/nist.fips.205},
	url = {https://csrc.nist.gov/pubs/fips/205/final},
}

@misc{usnistgov-2024,
	author = {usnistgov},
	month = {11},
	title = {{ACVP-Server, https://github.com/usnistgov/ACVP-Server}},
	year = {2024},
	url = {https://github.com/usnistgov/ACVP-Server},
}